@misc{w3c_web_service,
  title = {Web Service Description Requirements, W3C},
  url = {http://www.w3.org/TR/ws-desc-reqs/},
  howpublished = {http://www.w3.org/TR/ws-desc-reqs/}
},

@misc{web_service_wiki,
  title = {Web Service, Wikipedia},
  url = {http://en.wikipedia.org/wiki/Web_service},
  howpublished = {http://en.wikipedia.org/wiki/Web\_service}
},

@misc{web_service_protocols_wiki,
  title = {List of Web Service Protocols, Wikipedia},
  url = {http://en.wikipedia.org/wiki/List_of_web_service_protocols},
  howpublished = {http://en.wikipedia.org/wiki/List\_of\_web\_service\_protocols}
},
@misc{soap_wiki,
  title = {SOAP, Wikipedia},
  url = {http://en.wikipedia.org/wiki/SOAP},
  howpublished = {http://en.wikipedia.org/wiki/SOAP}
},
@misc{rest_wiki,
  title = {Representational state transfer, Wikipedia},
  url = {https://en.wikipedia.org/wiki/Representational_state_transfer},
  howpublished = {https://en.wikipedia.org/wiki/Representational\_state\_transfer}
},
@misc{uddi_wiki,
  title = {Universal Description Discovery and Integration, Wikipedia},
  url = {http://en.wikipedia.org/wiki/Universal\_Description\_Discovery\_and\_Integration},
  howpublished = {http://en.wikipedia.org/wiki/Universal\_Description\_Discovery\_and\_Integration}
},
@misc{facebook_release_note,
  title = {Platform Updates, Facebook},
  url = {https://developers.facebook.com/blog/post/2013/05/22/platform-updates--operation-},
  howpublished = {https://developers.facebook.com/blog/post/2013/05/22/platform-updates--operation-}
},

@article{kitchenham2007guidelines,
  title={Guidelines for performing systematic literature reviews in software engineering},
  author={Kitchenham, Barbara A and Charters, Stuart},
  year={2007}
},

@inproceedings{petersen2008systematic,
  title={Systematic mapping studies in software engineering},
  author={Petersen, Kai and Feldt, Robert and Mujtaba, Shahid and Mattsson, Michael},
  booktitle={12th International Conference on Evaluation and Assessment in Software Engineering},
  volume={17},
  pages={1},
  year={2008}
},

@inproceedings{treiber2009analyzing,
  title={On analyzing evolutionary changes of web services},
  author={Treiber, Martin and Truong, Hong-Linh and Dustdar, Schahram},
  booktitle={Proc. of Service-Oriented Computing Workshops (ICSOC)},
  pages={284--297},
  year={2009},
  publisher=springer,
},

@inproceedings{borovskiy2008evolution,
  title={Evolution Management of Enterprise Web Services},
  author={Borovskiy, Vadym and Zeier, Alexander},
  booktitle={Advanced Management of Information for Globalized Enterprises, 2008. AMIGE 2008. IEEE Symposium on},
  pages={1--5},
  year={2008},
  organization={IEEE}
},

@article{lublinsky2007versioning,
  title={Versioning in SOA},
  author={Lublinsky, Boris},
  journal={Microsoft Architect Journal, April},
  year={2007}
},

@inproceedings{laskey2008considerations,
  title={Considerations for SOA Versioning},
  author={Laskey, Ken},
  booktitle={Proc. of Enterprise Distributed Object Computing Conference (EDOC) Workshops},
  pages={333--337},
  year={2008},
  publisher = ieee,
},

@incollection{wilde2004semantically,
  title={Semantically extensible schemas for Web Service evolution},
  author={Wilde, Erik},
  booktitle={Web Services},
  pages={30--45},
  year={2004},
  publisher=springer
},

@inproceedings{fang2007version,
  title={A version-aware approach for web service directory},
  author={Fang, Ru and Lam, Linh and Fong, Liana and Frank, David and Vignola, Christopher and Chen, Ying and Du, Nan},
  booktitle=icws,
  pages={406--413},
  year={2007},
  publisher= ieee,
},

@inproceedings{leitner2008end,
  title={End-to-end versioning support for web services},
  author={Leitner, Philipp and Michlmayr, Anton and Rosenberg, Florian and Dustdar, Schahram},
  booktitle={Proc. of International Conference on Services Computing (SCC)},
  volume={1},
  pages={59--66},
  year={2008},
  publisher = ieee,
},

@inproceedings{mangler2010origin,
  title={On the Origin of Services Using {RIDDL} for Description, Evolution and Composition of {RESTful} Services},
  author={Mangler, Juergen and Beran, Peter Paul and Schikuta, Erich},
  booktitle={Proc. of IEEE/ACM International Conference on Cluster, Cloud and Grid Computing (CCGrid)},
  pages={505--508},
  year={2010},
},

@inproceedings{kaminski2006design,
  title={A design technique for evolving web services},
  author={Kaminski, Piotr and Litoiu, Marin and M{\"u}ller, Hausi},
  booktitle={Proc. of Conference on Center for Advanced Studies on Collaborative Research (CASCON)},
  pages={23},
  year={2006},
  organization={IBM Corp.}
},

@inproceedings{le2008synchronizing,
  title={On synchronizing with web service evolution},
  author={Le Zou, Zhi and Fang, Ru and Liu, Liang and Wang, Qing Bo and Wang, Hao},
  booktitle=icws,
  pages={329--336},
  year={2008},
  publisher = ieee,
},

@inproceedings{aversano2005visualizing,
  title={Visualizing the evolution of web services using formal concept analysis},
  author={Aversano, Lerina and Bruno, Marcello and Di Penta, Massimiliano and Falanga, Amedeo and Scognamiglio, Rita},
  booktitle={Proc. of International Workshop on  Principles of Software Evolution},
  pages={57--60},
  year={2005},
  publisher = ieee,
},

@misc{google_maps_versioning,
  title = {Google Developers},
  url = {https://developers.google.com/maps/documentation/javascript/basics\#Versioning},
  howpublished = {https://developers.google.com/maps/documentation/javascript/basics\#Versioning}
},

@misc{google_maps_services,
  title = {Google Maps API Web Services},
  url = {https://developers.google.com/maps/documentation/webservices/},
  howpublished = {https://developers.google.com/maps/documentation/webservices/}
},

@misc{google_maps_forum,
  title = {Google Maps API Web Services},
  url = {https://developers.google.com/maps/documentation/webservices/forum},
  howpublished = {https://developers.google.com/maps/documentation/webservices/forum}
},


@misc{twitter_api,
  title = {The Twitter {REST API}, Twitter Developers},
  url = {https://dev.twitter.com/docs/api},
  howpublished = {https://dev.twitter.com/docs/api}
},

@misc{twitter_calendar,
  title = {Calendar of API Changes, Twitter Developers},
  url = {https://dev.twitter.com/calendar},
  howpublished = {https://dev.twitter.com/calendar}
},

@misc{twitter_console,
  title = {Exploring the Twitter API, Twitter Developers},
  url = {https://dev.twitter.com/console},
  howpublished = {https://dev.twitter.com/console}
},

@misc{facebook_api,
  title = {Graph API, Facebook Developers},
  url = {https://developers.facebook.com/docs/reference/api},
  howpublished = {https://developers.facebook.com/docs/reference/api}
},

@misc{facebook_stack_overflow,
  title = {Facebook, Stack Overflow},
  url = {http://facebook.stackoverflow.com},
  howpublished = {http://facebook.stackoverflow.com}
}

@INPROCEEDINGS{fokaefs_2011_empirical,
author={Fokaefs, M. and Mikhaiel, R. and Tsantalis, N. and Stroulia, E. and Lau, A.},
booktitle=icws,
title={An Empirical Study on Web Service Evolution},
year={2011},
pages={49-56},
keywords={Web services;XML;knowledge representation languages;service-oriented architecture;software maintenance;Amazon EC2 Web service;VTracker;WSDL evolution analysis;WSDL interface description;Web service evolution;XML differencing;network-accessible component;service-oriented architecture;software lifecycle;Business;Context;Heuristic algorithms;Simple object access protocol;Software;XML;WSDL;clustering;service evolution;tree-edit distance},
doi={10.1109/ICWS.2011.114},
publisher = ieee,
}

@INPROCEEDINGS{wsdl_diff_2012,
author={Romano, D. and Pinzger, M.},
booktitle=icws,
title={Analyzing the Evolution of Web Services Using Fine-Grained Changes},
year={2012},
pages={392-399},
keywords={Web services;service-oriented architecture;Web service evolution;Web service providers;Web service subscribers;fine grained changes;fix bugs;service-oriented paradigm web service interfaces;Adaptation models;Computational modeling;Engines;Marine vehicles;Unified modeling language;Web services;XML;fine-grained changes;software evolution;web services},
doi={10.1109/ICWS.2012.29},
publisher = ieee,
}

@INPROCEEDINGS{li_client_2013,
author={Jun Li and Yingfei Xiong and Xuanzhe Liu and Lu Zhang},
booktitle=icws,
title={How Does Web Service API Evolution Affect Clients?},
year={2013},
pages={300-307},
keywords={Web services;application program interfaces;client-server systems;API elements;Web service API evolution;client application migration;client migrating;client program;local API;Calendars;Google;Java;Libraries;Twitter;Upper bound;Web services;Software Engineering;Software Maintenance;Web Service API Evolution},
doi={10.1109/ICWS.2013.48},
publisher = ieee,
}

@article{Juric20091326,
title = {{WSDL} and {UDDI} extensions for version support in web services},
author = {Matjaz B. Juric and Ana Sasa and Bostjan Brumen and Ivan Rozman},
journal = {Journal of Systems and Software},
volume = {82},
number = {8},
pages = {1326-1343},
year = {2009},
note = {SI: Architectural Decisions and Rationale},
issn = {0164-1212},
doi = {http://dx.doi.org/10.1016/j.jss.2009.03.001},
keywords = {Versioning},
keywords = {Web Services},
keywords = {SOA},
keywords = {WSDL},
keywords = {UDDI},
}

@incollection{WSDarwin,
year={2014},
isbn={978-1-4614-7534-7},
booktitle={Advanced Web Services},
editor={Bouguettaya, Athman and Sheng, Quan Z. and Daniel, Florian},
doi={10.1007/978-1-4614-7535-4_9},
title={WSDarwin: Studying the Evolution of Web Service Systems},
publisher=springer,
author={Fokaefs, Marios and Stroulia, Eleni},
pages={199-223},
language={English}
}

@INPROCEEDINGS{Kopecky_hrests,
author={Kopecky, J. and Gomadam, K. and Vitvar, T.},
booktitle={Proc. of International Conference on Web Intelligence and Intelligent Agent Technology (WI-IAT)},
title={{hRESTS}: An {HTML} Microformat for Describing {RESTful} Web Services},
year={2008},
volume={1},
pages={619-625},
publisher=ieee,
OPTpublisher={IEEE/WIC/ACM},
keywords={Web services;Web sites;hypermedia markup languages;HTML documents;HTML microformat;MicroWSMO;RESTful Web services;SA-REST;Web 2.0;Web sites;hRESTS;machine-oriented API;machine-readable API descriptions;programmable Web;Automation;Data mining;Documentation;HTML;Intelligent agent;Mashups;Resource description framework;USA Councils;Web pages;Web services;RESTful Web services;microformat;service description},
doi={10.1109/WIIAT.2008.379},}

@INPROCEEDINGS{Espinha_web,
author={Espinha, T. and Zaidman, A and Gross, H.-G.},
booktitle= csmr,
title={Web {API} growing pains: Stories from client developers and their code},
year={2014},
pages={84-93},
keywords={application program interfaces;social networking (online);software maintenance;source code (software);API providers;Facebook;Google Maps;Netflix web API;Twitter;Web API;application-to-application interaction;client developers;software evolution tasks;source code;Context;Facebook;Google;Interviews;Libraries;Twitter;Web services},
doi={10.1109/CSMR-WCRE.2014.6747228},
publisher = {IEEE},
}

@INPROCEEDINGS{Maleshkova_investigating,
author={Maleshkova, M. and Pedrinaci, C. and Domingue, J.},
booktitle=ecows,
title={Proc. of IEEE Investigating Web {APIs} on the World Wide Web},
year={2010},
pages={107-114},
keywords={Web services;application program interfaces;hypermedia markup languages;service-oriented architecture;HTML;SOAP;WSDL;Web API;Web services;Webpage;World Wide Web;authentication;interface description language;RESTful services;Web APIs;Web services},
doi={10.1109/ECOWS.2010.9}
}

@article{RESTdesc,
year={2013},
issn={1380-7501},
journal={Multimedia Tools and Applications},
volume={64},
number={2},
doi={10.1007/s11042-012-1004-5},
title={Capturing the functionality of Web services with functional descriptions},
publisher=springer,
keywords={Semantic Web; Service description; Service discovery},
author="Verborgh, Ruben and Steiner, Thomas and Van Deursen, Davy and De Roo, Jos and Walle, RikVan de and {Gabarro Valles}, Joaquim",
pages={365-387},
language={English}
}
@INPROCEEDINGS{6835564,
author={Ruo Meng and Chengwan He},
booktitle={Proc. of International Conference on Computer Sciences and Applications (CSA)},
title={A Comparison of Approaches to Web Service Evolution},
year={2013},
pages={138-141},
keywords={Web services;software maintenance;Web service evolution;evolution granularity;evolution maintainability;evolution scalability;evolution terminal;evolution type;Coordinate measuring machines;Libraries;Scalability;Semantics;Servers;Web services;XML;Web service evolution;changes;compare;directions;solutions},
doi={10.1109/CSA.2013.38},}

@INPROCEEDINGS{zuo6928972,
author={Wei Zuo and Benharkat, A.N. and Amghar, Y.},
booktitle=icws,
title={Change-centric Model for Web Service Evolution},
year={2014},
pages={712-713},
keywords={Web services;configuration management;management of change;software maintenance;Web service adaptation;Web service change management;Web service evolution;Web service versioning;change-centric model;Adaptation models;Business;Conferences;Engines;Programming;Service-oriented architecture;Web service;adaptation;changes;evolution;version},
doi={10.1109/ICWS.2014.111},
publisher = ieee,
}


@inproceedings{IEEEexample:conf_typical,
  author        = "R. K. Gupta and S. D. Senturia",
  title         = "Pull-in Time Dynamics as a Measure of Absolute Pressure",
  booktitle     = "Proc. {IEEE} International Workshop on
                   Microelectromechanical Systems ({MEMS}'97)",
  address       = "Nagoya, Japan",
  year          = "1997",
  pages         = "290-294"
}

@ARTICLE{Robillard_what_makes,
author={Robillard, M},
journal={Software, IEEE},
title={What Makes {API}s Hard to Learn? The Answers of Developers},
volume={PP},
number={99},
pages={1-1},
year={2011},
doi={10.1109/MS.2009.116},
ISSN={0740-7459},}

@article{Robillard_a_field_study,
year={2011},
issn={1382-3256},
journal={Empirical Software Engineering},
volume={16},
number={6},
doi={10.1007/s10664-010-9150-8},
title={A field study of {API} learning obstacles},
publisher={Springer US},
keywords={Application programming interfaces; Software libraries; Programming; Documentation},
author={Robillard, MartinP. and DeLine, Robert},
pages={703-732},
language={English}
}

@INPROCEEDINGS{Kuhn_on_designing,
author={Kuhn, A. and DeLine, R.},
booktitle={In Proc. of ICSE Workshop on Search-Driven Development - Users, Infrastructure, Tools and Evaluation (SUITE) },
title={On designing better tools for learning {API}s},
year={2012},
pages={27-30},
keywords={application program interfaces;computer science education;software engineering;API learning;application programming interfaces;code examples;design implications;first-class documentation artifacts;learning materials;professional developers;search engine development;software development;Blogs;Context;Documentation;Materials;Programming;Radio access networks;Web search},
doi={10.1109/SUITE.2012.6225476},}

@article{Hoffman_api_documentation,
 author = {Hoffman, Daniel and Strooper, Paul},
 title = "{API} Documentation with Executable Examples",
 journal = {J. Syst. Softw.},
 issue_date = {15 May 2003},
 volume = {66},
 number = {2},
 month = may,
 year = {2003},
 issn = {0164-1212},
 pages = {143--156},
 numpages = {14},
 acmid = {941259},
 publisher = {Elsevier Science Inc.},
 address = {New York, NY, USA},
}

@inproceedings{Nasehi_what_makes,
  author    = {Seyed Mehdi Nasehi and
               Jonathan Sillito and
               Frank Maurer and
               Chris Burns},
  title     = {What makes a good code example?: {A} study of programming {Q}{\&}{A}
               in {StackOverflow}},
  booktitle = {Proc of. {IEEE} International Conference on Software Maintenance},
  pages     = {25--34},
  year      = {2012},
  doi       = {10.1109/ICSM.2012.6405249},
  timestamp = {Mon, 14 Jan 2013 14:23:29 +0100},
  biburl    = {http://dblp.uni-trier.de/rec/bib/conf/icsm/NasehiSMB12},
  bibsource = {dblp computer science bibliography, http://dblp.org}
}

@inproceedings{Parnin_measuring,
 author = {Parnin, Chris and Treude, Christoph},
 title = {Measuring {API} Documentation on the Web},
 booktitle = {Proceedings of the International Workshop on Web 2.0 for Software Engineering},
 series = {(Web2SE)},
 year = {2011},
 isbn = {978-1-4503-0595-2},
 location = {Waikiki, Honolulu, HI, USA},
 pages = {25--30},
 numpages = {6},
 doi = {10.1145/1984701.1984706},
 acmid = {1984706},
 publisher = {ACM},
 keywords = {api documentation, crowd documentation, social media},
}

@inproceedings{Chen_who_asked,
 author = {Chen, Cong and Zhang, Kang},
 title = {Who Asked What: Integrating Crowdsourced FAQs into API Documentation},
 booktitle = {Companion Proc. of the ACM International Conference on Software Engineering},
 series = {ICSE Companion 2014},
 year = {2014},
 isbn = {978-1-4503-2768-8},
 location = {Hyderabad, India},
 pages = {456--459},
 numpages = {4},
 doi = {10.1145/2591062.2591128},
 acmid = {2591128},
 keywords = {API, crowdsourcing, documentation, search, social media},
}

@inproceedings{Subramanian_live,
 author = {Subramanian, Siddharth and Inozemtseva, Laura and Holmes, Reid},
 title = {Live API Documentation},
 booktitle = {Proceedings of the International Conference on Software Engineering},
 series = {ICSE 2014},
 year = {2014},
 isbn = {978-1-4503-2756-5},
 location = {Hyderabad, India},
 pages = {643--652},
 numpages = {10},
 doi = {10.1145/2568225.2568313},
 acmid = {2568313},
 publisher = {ACM},
 keywords = {Source code examples, documentation, source code search},
}

@INPROCEEDINGS{Stepalina_saas,
author={Stepalina, E.},
booktitle={Proc. of 2010 Central and Eastern European Software Engineering Conference (CEE-SECR)},
title={{SaaS} support in software documentation systems},
year={2010},
pages={192-197},
keywords={Web sites;XML;cloud computing;document handling;software engineering;systems analysis;τasont;Astoria On Demand;Atlassian;Bluestream XDocs;Central Desktop;Confluence;DITA Exchange;DITA-orientedXML CMS;DocZone;EditMe;Incentive;JIRA Studio;Metadot Wiki;MindTouch;Netcipia;PBWiki;SaaS business model;SaaS support;Siberlogic SiberSafe;Trisoft Infoshare;Wagn;Wikia;Wikidot;Wikispaces;X-Hive Docato;bug tracking systems;documentation publishing;open source BusinessWiki;quality controlling tools application;ready-to-install products;requirement analysis;software companies;software developments tools;software documentation systems;task tracking systems;Documentation;Electronic publishing;Google;Information services;Internet;Subscriptions;XML;SaaS;Software documentation;XML CMS;wiki},
doi={10.1109/CEE-SECR.2010.5783175},}

@inproceedings{Jadeite,
 author = {Stylos, Jeffrey and Myers, Brad and Yang, Zizhuang},
 title = {Jadeite: Improving {API} Documentation Using Usage Information},
 booktitle = {Proc. of Extended Abstracts on Human Factors in Computing Systems},
 series = {(CHI EA)},
 year = {2009},
 isbn = {978-1-60558-247-4},
 location = {Boston, MA, USA},
 pages = {4429--4434},
 numpages = {6},
 doi = {10.1145/1520340.1520678},
 acmid = {1520678},
 publisher = {ACM},
 keywords = {APIs, documentation, javadoc},
}

@INPROCEEDINGS{Danielsen_validation,
author={Danielsen, P.J. and Jeffrey, A.},
booktitle={International Conference on Web Services },
title={Validation and Interactivity of Web {API} Documentation},
year={2013},
pages={523-530},
publisher = {IEEE},
keywords={Internet;application program interfaces;hypermedia markup languages;knowledge representation languages;HTML;HTTP;RDFa annotations;WADL;WIfL semantics;WIfL tools;WIfL vocabulary;WSDL;Web API documentation interactivity;Web API documentation validation;Web Interface Language;application protocol;formal presentation;human-readable documentation;internal consistency;machine-readable API description;Context;Documentation;HTML;Protocols;Resource description framework;Vocabulary;XML;API;Documentation;HTTP;Validation;Web API},
doi={10.1109/ICWS.2013.76},}

@inproceedings{Verborgh_functional,
 author = {Verborgh, Ruben and Steiner, Thomas and Van Deursen, Davy and Coppens, Sam and Vall{\'e}s, Joaquim Gabarr\'{o} and Van de Walle, Rik},
 title = {Functional Descriptions As the Bridge Between Hypermedia {API}s and the Semantic Web},
 booktitle = {Proceedings of the Third International Workshop on RESTful Design},
 series = {WS-REST '12},
 year = {2012},
 isbn = {978-1-4503-1190-8},
 location = {Lyon, France},
 pages = {33--40},
 numpages = {8},
 doi = {10.1145/2307819.2307828},
 acmid = {2307828},
 publisher = {ACM},
 keywords = {api descriptions, hypermedia, rest, semantic web, service descriptions, web apis, web services},
}

@INPROCEEDINGS{Mangler_rddl,
author={Mangler, J. and Beran, P.P. and Schikuta, E.},
booktitle={Cluster, Cloud and Grid Computing (CCGrid), IEEE/ACM International Conference on},
title={On the Origin of Services Using RIDDL for Description, Evolution and Composition of RESTful Services},
year={2010},
pages={505-508},
keywords={Automatic testing;Cloud computing;Computer science;Grid computing;Natural languages;Representational state transfer;Simple object access protocol;Skeleton;Visualization;XML;Composition;Description;Evolution;RESTful},
doi={10.1109/CCGRID.2010.126},}

@INPROCEEDINGS{Ning_omnivoke,
author={Ning Li and Pedrinaci, C. and Maleshkova, M. and Kopecky, J. and Domingue, J.},
booktitle={Proc. of IEEE International Conference on Semantic Computing },
title={{OmniVoke}: A Framework for Automating the Invocation of Web {APIs}},
year={2011},
pages={39-46},
keywords={Web services;application program interfaces;hypermedia markup languages;HTML pages;OmniVoke;Web API innovation;Web services;nonintrusive semantic annotations;Grounding;HTML;Ontologies;Resource description framework;Semantics;Vocabulary;Web services;Web APIs;grounding;semantic Web services;service invocation},
doi={10.1109/ICSC.2011.72},}

@article{Myers_study,
 author = {Myers, Brad and Jeong, Sae and Xie, Yingyu and Beaton, Jack and Stylos, Jeff and Ehret, Ralf and Karstens, Jan and Efeoglu, Arkin and Busse, Daniela K.},
 title = {Studying the Documentation of an API for Enterprise Service-Oriented Architecture},
 journal = {J. Organ. End User Comput.},
 issue_date = {January 2010},
 volume = {22},
 number = {1},
 year = {2010},
 issn = {1546-2234},
 pages = {23--51},
 numpages = {29},
 doi = {10.4018/joeuc.2010101903},
 acmid = {2448358},
 publisher = {IGI Global},
 address = {Hershey, PA, USA},
 keywords = {API Design, Business Solution Architects, Documentation, Natural Programming, Service-Oriented Architecture, Usability, Web Services},
}

@phdthesis{Fielding_rest,
 author = {Fielding, Roy Thomas},
 title = {Architectural Styles and the Design of Network-based Software Architectures},
 year = {2000},
 isbn = {0-599-87118-0},
 publisher = {University of California, Irvine},
 school = {University of California, Irvine}
}

@inproceedings{zibran2011useful,
  title={Useful, but usable? factors affecting the usability of {API}s},
  author={Zibran, Minhaz F and Eishita, Farjana Z and Roy, Chanchal K},
  booktitle={Proc. of IEEE Working Conference on Reverse Engineering (WCRE)},
  pages={151--155},
  year={2011}
}

@article{scheller2015automated,
  title={Automated measurement of API usability: The {API} Concepts Framework},
  author={Scheller, Thomas and K{\"u}hn, Eva},
  journal={Information and Software Technology},
  volume={61},
  pages={145--162},
  year={2015},
  publisher={Elsevier}
}

@inproceedings{montandon2013documenting,
  title={Documenting {APIs} with examples: Lessons learned with the {APIMiner} platform},
  author={Montandon, Jo{\~a}o Eduardo and Borges, Hudson and Felix, Daniel and Valente, Marco Tulio},
  booktitle={Proc. of IEEE Working Conference on Reverse Engineering (WCRE)},
  pages={401--408},
  year={2013}
}

@inproceedings{zhu2014mining,
  title={Mining api usage examples from test code},
  author={Zhu, Zixiao and Zou, Yanzhen and Xie, Bing and Jin, Yong and Lin, Zeqi and Zhang, Lu},
  booktitle={Proc. of 2014 IEEE International Conference on Software Maintenance and Evolution (ICSME), },
  pages={301--310},
  year={2014},
  organization={IEEE}
}
@inproceedings{wu2010codocent,
  title={CoDocent: Support API usage with code example and API documentation},
  author={Wu, Ye-Chi and Mar, Lee Wei and Jiau, Hewijin Christine},
  booktitle={Proc. of IEEE International Conference on Software Engineering Advances (ICSEA)},
  pages={135--140},
  year={2010},
}
@article{maalej2013patterns,
  title={Patterns of knowledge in API reference documentation},
  author={Maalej, Wiem and Robillard, Martin P},
  journal={Software Engineering, IEEE Transactions on},
  volume={39},
  number={9},
  pages={1264--1282},
  year={2013},
  publisher={IEEE}
}

@inproceedings{dagenais2012recovering,
  title={Recovering traceability links between an API and its learning resources},
  author={Dagenais, Barth{\'e}l{\'e}my and Robillard, Martin},
  booktitle={Proc. of 2012 International Conference on Software Engineering (ICSE)},
  pages={47--57},
  year={2012},
  organization={IEEE}
}

@inproceedings{ko2011role,
  title={The role of conceptual knowledge in API usability},
  author={Ko, Andrew and Riche, Yann},
  booktitle={Proc. of IEEE Symposium on Visual Languages and Human-Centric Computing (VL/HCC)},
  pages={173--176},
  year={2011},
}

@article{hadley2006web,
  title="Web application description language ({WADL})",
  author={Hadley, Marc J},
  year={2006},
  publisher={Sun Microsystems, Inc.}
}

@inproceedings{sohan2015case,
  title={A Case Study of {Web API} Evolution},
  author={Sohan, SM and Anslow, Craig and Maurer, Frank},
  booktitle={Proc. of IEEE World Congress on Services (SERVICES)},
  pages={245--252},
  year={2015},
  organization={IEEE}
}
@inproceedings{sohan2015spyrest,
  title={SpyREST: Automated RESTful API Documentation using an HTTP Proxy Server},
  author={Sohan, SM and Anslow, Craig and Maurer, Frank},
  booktitle={Proc. of IEEE/ACM International Conference on Automated Software Engineering},
  year={2015}
}

@inproceedings{sohan2015spyrest_tool,
  title={SpyREST in Action: An Automated RESTful API Documentation Tool},
  author={Sohan, SM and Anslow, Craig and Maurer, Frank},
  booktitle={Proc. of IEEE/ACM International Conference on Automated Software Engineering},
  year={2015}
}

@inproceedings{shi2011empirical,
  title={An Empirical Study on Evolution of {API} Documentation.},
  author={Shi, Lin and Zhong, Hao and Xie, Tao and Li, Mingshu},
  booktitle={Proc. of Conference on Fundamental Approaches to Software Engineering (FASE)},
  volume={6603},
  pages={416--431},
  year={2011},
  organization={Springer}
}

@ARTICLE{iee_std,
journal={IEEE Std 610.12-1990},
title={{IEEE} Standard Glossary of Software Engineering Terminology},
year={1990},
pages={1-84},
keywords={glossaries;software engineering;standards;IEEE Std 610.12-1990;software engineering terminology;standard glossary;Software engineering;Standards;Terminology;Definitions;Software engineering;dictionary;glossary;terminology},
doi={10.1109/IEEESTD.1990.101064},
month={Dec},}

@inproceedings{sjoberg2002conducting,
  title={Conducting realistic experiments in software engineering},
  author={Sj{\o}berg, Dag IK and Anda, Bente and Arisholm, Erik and Dyb{\aa}, Tore and J{\o}rgensen, Magne and Karahasanovic, Amela and Koren, Espen F and Vok{\'a}c, Marek},
  booktitle={Proc. of 2002 International Symposium on Empirical Software Engineering},
  pages={17--26},
  year={2002},
  organization={IEEE}
}
@article{lethbridge2005studying,
  title={Studying software engineers: Data collection techniques for software field studies},
  author={Lethbridge, Timothy C and Sim, Susan Elliott and Singer, Janice},
  journal={Empirical software engineering},
  volume={10},
  number={3},
  pages={311--341},
  year={2005},
  publisher={Springer}
}

@article{kitchenham2008evaluating,
  title={Evaluating guidelines for reporting empirical software engineering studies},
  author={Kitchenham, Barbara and Al-Khilidar, Hiyam and Babar, Muhammed Ali and Berry, Mike and Cox, Karl and Keung, Jacky and Kurniawati, Felicia and Staples, Mark and Zhang, He and Zhu, Liming},
  journal={Empirical Software Engineering},
  volume={13},
  number={1},
  pages={97--121},
  year={2008},
  publisher={Springer}
}

@incollection{easterbrook2008selecting,
  title={Selecting empirical methods for software engineering research},
  author={Easterbrook, Steve and Singer, Janice and Storey, Margaret-Anne and Damian, Daniela},
  booktitle={Guide to advanced empirical software engineering},
  pages={285--311},
  year={2008},
  publisher={Springer}
}

@article{runeson2009guidelines,
  title={Guidelines for conducting and reporting case study research in software engineering},
  author={Runeson, Per and H{\"o}st, Martin},
  journal={Empirical software engineering},
  volume={14},
  number={2},
  pages={131--164},
  year={2009},
  publisher={Springer}
}

@inproceedings{Treude:2016:AAD:2884781.2884800,
 author = {Treude, Christoph and Robillard, Martin},
 title = {Augmenting API Documentation with Insights from Stack Overflow},
 booktitle = {Proc. of ACM International Conference on Software Engineering},
 series = {ICSE '16},
 year = {2016},
 isbn = {978-1-4503-3900-1},
 location = {Austin, Texas},
 pages = {392--403},
 numpages = {12},
 acmid = {2884800},
 address = {New York, NY, USA},
 keywords = {API documentation, insight sentences, stack overflow},
}

@inproceedings{Polak:2015:RAM:2790798.2790820,
 author = {Pol\'{a}k, Marek and Holubov\'{a}, Irena},
 title = {{REST API} Management and Evolution Using {MDA}},
 booktitle = {Proc. of ACM International Conference on Computer Science \& Software Engineering},
 series = {C3S2E '15},
 year = {2008},
 isbn = {978-1-4503-3419-8},
 location = {Yokohama, Japan},
 pages = {102--109},
 numpages = {8},
 acmid = {2790820},
 address = {New York, NY, USA},
 keywords = {Evolution Management, JSON, MDA, REST},
}

@inproceedings{DBLP:conf/kbse/SohanAM15,
  author    = {SM. Sohan and
               Craig Anslow and
               Frank Maurer},
  title     = {SpyREST: Automated RESTful {API} Documentation Using an {HTTP} Proxy
               Server},
  booktitle = {Proc. of {IEEE/ACM} International Conference on Automated Software Engineering,
               {ASE}, Lincoln, NE, USA},
  pages     = {271--276},
  year      = {2015},
}

@inproceedings{DBLP:conf/kbse/SohanAM15a,
  author    = {SM. Sohan and
               Craig Anslow and
               Frank Maurer},
  title     = {SpyREST in Action: An Automated {REST}ful {API} Documentation Tool},
  booktitle = {Proc. of {IEEE/ACM} International Conference on Automated Software Engineering,
               {ASE}, Lincoln, NE, USA},
  pages     = {813--818},
  year      = {2015},
}

@article{Myers_improving_api,
 author = {Myers, Brad. and Stylos, Jeffrey},
 title = {Improving {API} Usability},
 journal = {Commun. ACM},
 issue_date = {June 2016},
 volume = {59},
 number = {6},
 month = may,
 year = {2016},
 issn = {0001-0782},
 pages = {62--69},
 numpages = {8},
 url = {http://doi.acm.org/10.1145/2896587},
 doi = {10.1145/2896587},
 acmid = {2896587},
 publisher = {ACM},
 address = {New York, NY, USA},
}

@incollection{Tulach2008,
  author      = "Tulach, Jaroslav",
  title       = "Teamwork",
  editor      = "Clay Andres",
  booktitle   = "Practical API design: Confessions of a java framework architect",
  publisher   = "Apress",
  year        = 2008,
  address="Berkeley, CA",
  pages="291--302"
}
