@article{Hoffman_api_documentation,
 author = {Hoffman, Daniel and Strooper, Paul},
 title = "{API} Documentation with Executable Examples",
 journal = {J. Syst. Softw.},
 issue_date = {15 May 2003},
 volume = {66},
 number = {2},
 month = may,
 year = {2003},
 issn = {0164-1212},
 pages = {143--156},
 numpages = {14},
 acmid = {941259},
 publisher = {Elsevier Science Inc.},
 address = {New York, NY, USA},
},


@inproceedings{montandon2013documenting,
  title={Documenting {APIs} with examples: Lessons learned with the {APIMiner} platform},
  author={Montandon, Jo{\~a}o Eduardo and Borges, Hudson and Felix, Daniel and Valente, Marco Tulio},
  booktitle={Proc. of IEEE Working Conference on Reverse Engineering (WCRE)},
  pages={401--408},
  year={2013}
},


@inproceedings{Jadeite,
 author = {Stylos, Jeffrey and Myers, Brad and Yang, Zizhuang},
 title = {Jadeite: Improving {API} Documentation Using Usage Information},
 booktitle = {Proc. of Extended Abstracts on Human Factors in Computing Systems},
 series = {(CHI EA)},
 year = {2009},
 isbn = {978-1-60558-247-4},
 location = {Boston, MA, USA},
 pages = {4429--4434},
 numpages = {6},
 acmid = {1520678},
 publisher = {ACM},
 keywords = {APIs, documentation, javadoc},
},


@inproceedings{zhu2014mining,
  title={Mining {API} usage examples from test code},
  author={Zhu, Zixiao and Zou, Yanzhen and Xie, Bing and Jin, Yong and Lin, Zeqi and Zhang, Lu},
  booktitle={Proc. of 2014 IEEE International Conference on Software Maintenance and Evolution (ICSME), },
  pages={301--310},
  year={2014},
  organization={IEEE}
},


@article{Myers_study,
 author = {Myers, Brad and Jeong, Sae and Xie, Yingyu and Beaton, Jack and Stylos, Jeff and Ehret, Ralf and Karstens, Jan and Efeoglu, Arkin and Busse, Daniela K.},
 title = {Studying the Documentation of an {API} for Enterprise Service-Oriented Architecture},
 journal = {J. Organ. End User Comput.},
 issue_date = {January 2010},
 volume = {22},
 number = {1},
 year = {2010},
 issn = {1546-2234},
 pages = {23--51},
 numpages = {29},
 acmid = {2448358},
 publisher = {IGI Global},
 address = {Hershey, PA, USA},
 keywords = {API Design, Business Solution Architects, Documentation, Natural Programming, Service-Oriented Architecture, Usability, Web Services},
},


@inproceedings{mangler2010origin,
  title={On the Origin of Services Using {RIDDL} for Description, Evolution and Composition of {RESTful} Services},
  author={Mangler, Juergen and Beran, Peter Paul and Schikuta, Erich},
  booktitle={Proc. of IEEE/ACM International Conference on Cluster, Cloud and Grid Computing (CCGrid)},
  pages={505--508},
  year={2010},
},


@phdthesis{Fielding_rest,
 author = {Fielding, Roy Thomas},
 title = {Architectural Styles and the Design of Network-based Software Architectures},
 year = {2000},
 isbn = {0-599-87118-0},
 publisher = {University of California, Irvine},
 school = {University of California, Irvine}
},


@ARTICLE{Robillard_what_makes,
author={Robillard, M},
journal={Software, IEEE},
title={What Makes {API}s Hard to Learn? The Answers of Developers},
volume={PP},
number={99},
pages={1-1},
year={2011},
ISSN={0740-7459},},


@article{Robillard_a_field_study,
year={2011},
issn={1382-3256},
journal={Empirical Software Engineering},
volume={16},
number={6},
doi={10.1007/s10664-010-9150-8},
title={A field study of {API} learning obstacles},
publisher={Springer US},
keywords={Application programming interfaces; Software libraries; Programming; Documentation},
author={Robillard, MartinP. and DeLine, Robert},
pages={703-732},
language={English}
}
@inproceedings{sohan2015case,
  title={A Case Study of {Web API} Evolution},
  author={Sohan, SM and Anslow, Craig and Maurer, Frank},
  booktitle={Proc. of IEEE World Congress on Services (SERVICES)},
  pages={245--252},
  year={2015},
  organization={IEEE}
}
@inproceedings{sohan2015spyrest,
  title={SpyREST: Automated {RESTful} {API} Documentation using an {HTTP} Proxy Server},
  author={Sohan, SM and Anslow, Craig and Maurer, Frank},
  booktitle={Proc. of IEEE/ACM International Conference on Automated Software Engineering},
  year={2015},
  pages={271-276}
}

@inproceedings{sohan2015spyrest_tool,
  title={SpyREST in Action: An Automated {RESTful} {API} Documentation Tool},
  author={Sohan, SM and Anslow, Craig and Maurer, Frank},
  booktitle={Proc. of IEEE/ACM International Conference on Automated Software Engineering},
  year={2015},
  pages={813-818}
}

@INPROCEEDINGS{sohan_cisco,
author={Sohan, SM and Anslow, Craig and Maurer, Frank},
booktitle={Proc. of IEEE/ACM International Conference on Software Engineering},
title={Automated Example Oriented {REST} {API} Documentation at Cisco},
year={2017},
pages={213-222},
keywords={Documentation;Industries;Manuals;Production;Tools;Usability;API;Automation;Case study;Documentation;HTTP;REST;Test;Tool;Web API},
}

@INPROCEEDINGS{sohan_vlhcc,
author={Sohan, SM and Anslow, Craig and Maurer, Frank and Robillard, Martin},
booktitle={to appear in Proc. of IEEE Symposium on Visual Languages and Human-Centric Computing },
title={A Study of the Effectiveness of Usage Examples in {REST} {API} Documentation},
year={2017},
pubstate={forthcoming}
}
