@misc{w3c_web_service,
  title = {Web Service Description Requirements, W3C},
  url = {http://www.w3.org/TR/ws-desc-reqs/},
  howpublished = {http://www.w3.org/TR/ws-desc-reqs/}
},

@misc{web_service_wiki,
  title = {Web Service, Wikipedia},
  url = {http://en.wikipedia.org/wiki/Web_service},
  howpublished = {http://en.wikipedia.org/wiki/Web\_service}
},

@misc{web_service_protocols_wiki,
  title = {List of Web Service Protocols, Wikipedia},
  url = {http://en.wikipedia.org/wiki/List_of_web_service_protocols},
  howpublished = {http://en.wikipedia.org/wiki/List\_of\_web\_service\_protocols}
},
@misc{soap_wiki,
  title = {SOAP, Wikipedia},
  url = {http://en.wikipedia.org/wiki/SOAP},
  howpublished = {http://en.wikipedia.org/wiki/SOAP}
},
@misc{rest_wiki,
  title = {Representational state transfer, Wikipedia},
  url = {https://en.wikipedia.org/wiki/Representational_state_transfer},
  howpublished = {https://en.wikipedia.org/wiki/Representational\_state\_transfer}
},
@misc{uddi_wiki,
  title = {Universal Description Discovery and Integration, Wikipedia},
  url = {http://en.wikipedia.org/wiki/Universal\_Description\_Discovery\_and\_Integration},
  howpublished = {http://en.wikipedia.org/wiki/Universal\_Description\_Discovery\_and\_Integration}
},
@misc{facebook_release_note,
  title = {Platform Updates, Facebook},
  url = {https://developers.facebook.com/blog/post/2013/05/22/platform-updates--operation-},
  howpublished = {https://developers.facebook.com/blog/post/2013/05/22/platform-updates--operation-}
},

@article{kitchenham2007guidelines,
  title={Guidelines for performing systematic literature reviews in software engineering},
  author={Kitchenham, Barbara A and Charters, Stuart},
  year={2007}
},

@inproceedings{petersen2008systematic,
  title={Systematic mapping studies in software engineering},
  author={Petersen, Kai and Feldt, Robert and Mujtaba, Shahid and Mattsson, Michael},
  booktitle={12th International Conference on Evaluation and Assessment in Software Engineering},
  volume={17},
  pages={1},
  year={2008}
},

@inproceedings{treiber2009analyzing,
  title={On analyzing evolutionary changes of web services},
  author={Treiber, Martin and Truong, Hong-Linh and Dustdar, Schahram},
  booktitle={Proc. of Service-Oriented Computing Workshops (ICSOC)},
  pages={284--297},
  year={2009},
  publisher=springer,
},

@inproceedings{borovskiy2008evolution,
  title={Evolution Management of Enterprise Web Services},
  author={Borovskiy, Vadym and Zeier, Alexander},
  booktitle={Advanced Management of Information for Globalized Enterprises, 2008. AMIGE 2008. IEEE Symposium on},
  pages={1--5},
  year={2008},
  organization={IEEE}
},

@article{lublinsky2007versioning,
  title={Versioning in SOA},
  author={Lublinsky, Boris},
  journal={Microsoft Architect Journal, April},
  year={2007}
},

@inproceedings{laskey2008considerations,
  title={Considerations for SOA Versioning},
  author={Laskey, Ken},
  booktitle={Proc. of Enterprise Distributed Object Computing Conference (EDOC) Workshops},
  pages={333--337},
  year={2008},
  publisher = ieee,
},

@incollection{wilde2004semantically,
  title={Semantically extensible schemas for Web Service evolution},
  author={Wilde, Erik},
  booktitle={Web Services},
  pages={30--45},
  year={2004},
  publisher=springer
},

@inproceedings{fang2007version,
  title={A version-aware approach for web service directory},
  author={Fang, Ru and Lam, Linh and Fong, Liana and Frank, David and Vignola, Christopher and Chen, Ying and Du, Nan},
  booktitle=icws,
  pages={406--413},
  year={2007},
  publisher= ieee,
},

@inproceedings{leitner2008end,
  title={End-to-end versioning support for web services},
  author={Leitner, Philipp and Michlmayr, Anton and Rosenberg, Florian and Dustdar, Schahram},
  booktitle={Proc. of International Conference on Services Computing (SCC)},
  volume={1},
  pages={59--66},
  year={2008},
  publisher = ieee,
},

@inproceedings{mangler2010origin,
  title={On the Origin of Services Using RIDDL for Description, Evolution and Composition of RESTful Services},
  author={Mangler, Juergen and Beran, Peter Paul and Schikuta, Erich},
  booktitle={Proc. of International Conference on Cluster, Cloud and Grid Computing (CCGrid)},
  pages={505--508},
  year={2010},
  publisher = ieeeacm,
},

@inproceedings{kaminski2006design,
  title={A design technique for evolving web services},
  author={Kaminski, Piotr and Litoiu, Marin and M{\"u}ller, Hausi},
  booktitle={Proc. of Conference on Center for Advanced Studies on Collaborative Research (CASCON)},
  pages={23},
  year={2006},
  organization={IBM Corp.}
},

@inproceedings{le2008synchronizing,
  title={On synchronizing with web service evolution},
  author={Le Zou, Zhi and Fang, Ru and Liu, Liang and Wang, Qing Bo and Wang, Hao},
  booktitle=icws,
  pages={329--336},
  year={2008},
  publisher = ieee,
},

@inproceedings{aversano2005visualizing,
  title={Visualizing the evolution of web services using formal concept analysis},
  author={Aversano, Lerina and Bruno, Marcello and Di Penta, Massimiliano and Falanga, Amedeo and Scognamiglio, Rita},
  booktitle={Proc. of International Workshop on  Principles of Software Evolution},
  pages={57--60},
  year={2005},
  publisher = ieee,
},

@misc{google_maps_versioning,
  title = {Google Developers},
  url = {https://developers.google.com/maps/documentation/javascript/basics\#Versioning},
  howpublished = {https://developers.google.com/maps/documentation/javascript/basics\#Versioning}
},

@misc{google_maps_services,
  title = {Google Maps API Web Services},
  url = {https://developers.google.com/maps/documentation/webservices/},
  howpublished = {https://developers.google.com/maps/documentation/webservices/}
},

@misc{google_maps_forum,
  title = {Google Maps API Web Services},
  url = {https://developers.google.com/maps/documentation/webservices/forum},
  howpublished = {https://developers.google.com/maps/documentation/webservices/forum}
},


@misc{twitter_api,
  title = {The Twitter REST API, Twitter Developers},
  url = {https://dev.twitter.com/docs/api},
  howpublished = {https://dev.twitter.com/docs/api}
},

@misc{twitter_calendar,
  title = {Calendar of API Changes, Twitter Developers},
  url = {https://dev.twitter.com/calendar},
  howpublished = {https://dev.twitter.com/calendar}
},

@misc{twitter_console,
  title = {Exploring the Twitter API, Twitter Developers},
  url = {https://dev.twitter.com/console},
  howpublished = {https://dev.twitter.com/console}
},

@misc{facebook_api,
  title = {Graph API, Facebook Developers},
  url = {https://developers.facebook.com/docs/reference/api},
  howpublished = {https://developers.facebook.com/docs/reference/api}
},

@misc{facebook_stack_overflow,
  title = {Facebook, Stack Overflow},
  url = {http://facebook.stackoverflow.com},
  howpublished = {http://facebook.stackoverflow.com}
}

@INPROCEEDINGS{fokaefs_2011_empirical,
author={Fokaefs, M. and Mikhaiel, R. and Tsantalis, N. and Stroulia, E. and Lau, A.},
booktitle=icws,
title={An Empirical Study on Web Service Evolution},
year={2011},
OPTmonth={July},
pages={49-56},
keywords={Web services;XML;knowledge representation languages;service-oriented architecture;software maintenance;Amazon EC2 Web service;VTracker;WSDL evolution analysis;WSDL interface description;Web service evolution;XML differencing;network-accessible component;service-oriented architecture;software lifecycle;Business;Context;Heuristic algorithms;Simple object access protocol;Software;XML;WSDL;clustering;service evolution;tree-edit distance},
doi={10.1109/ICWS.2011.114},
publisher = ieee,
}

@INPROCEEDINGS{wsdl_diff_2012,
author={Romano, D. and Pinzger, M.},
booktitle=icws,
title={Analyzing the Evolution of Web Services Using Fine-Grained Changes},
year={2012},
OPTmonth={June},
pages={392-399},
keywords={Web services;service-oriented architecture;Web service evolution;Web service providers;Web service subscribers;fine grained changes;fix bugs;service-oriented paradigm web service interfaces;Adaptation models;Computational modeling;Engines;Marine vehicles;Unified modeling language;Web services;XML;fine-grained changes;software evolution;web services},
doi={10.1109/ICWS.2012.29},
publisher = ieee,
}

@INPROCEEDINGS{li_client_2013,
author={Jun Li and Yingfei Xiong and Xuanzhe Liu and Lu Zhang},
booktitle=icws,
title={How Does Web Service API Evolution Affect Clients?},
year={2013},
OPTmonth={June},
pages={300-307},
keywords={Web services;application program interfaces;client-server systems;API elements;Web service API evolution;client application migration;client migrating;client program;local API;Calendars;Google;Java;Libraries;Twitter;Upper bound;Web services;Software Engineering;Software Maintenance;Web Service API Evolution},
doi={10.1109/ICWS.2013.48},
publisher = ieee,
}

@article{Juric20091326,
title = {{WSDL} and {UDDI} extensions for version support in web services},
author = {Matjaz B. Juric and Ana Sasa and Bostjan Brumen and Ivan Rozman},
journal = {Journal of Systems and Software},
volume = {82},
number = {8},
pages = {1326-1343},
year = {2009},
note = {SI: Architectural Decisions and Rationale},
issn = {0164-1212},
doi = {http://dx.doi.org/10.1016/j.jss.2009.03.001},
keywords = {Versioning},
keywords = {Web Services},
keywords = {SOA},
keywords = {WSDL},
keywords = {UDDI},
}

@incollection{WSDarwin,
year={2014},
isbn={978-1-4614-7534-7},
booktitle={Advanced Web Services},
editor={Bouguettaya, Athman and Sheng, Quan Z. and Daniel, Florian},
doi={10.1007/978-1-4614-7535-4_9},
title={WSDarwin: Studying the Evolution of Web Service Systems},
publisher=springer,
author={Fokaefs, Marios and Stroulia, Eleni},
pages={199-223},
language={English}
}

@INPROCEEDINGS{4740521,
author={Kopecky, J. and Gomadam, K. and Vitvar, T.},
booktitle={Proc. of International Conference on Web Intelligence and Intelligent Agent Technology (WI-IAT)},
title={hRESTS: An HTML Microformat for Describing RESTful Web Services},
year={2008},
OPTmonth={Dec},
volume={1},
pages={619-625},
publisher=ieee,
OPTpublisher={IEEE/WIC/ACM},
keywords={Web services;Web sites;hypermedia markup languages;HTML documents;HTML microformat;MicroWSMO;RESTful Web services;SA-REST;Web 2.0;Web sites;hRESTS;machine-oriented API;machine-readable API descriptions;programmable Web;Automation;Data mining;Documentation;HTML;Intelligent agent;Mashups;Resource description framework;USA Councils;Web pages;Web services;RESTful Web services;microformat;service description},
doi={10.1109/WIIAT.2008.379},}

@INPROCEEDINGS{espinha,
author={Espinha, T. and Zaidman, A and Gross, H.-G.},
booktitle= csmr,
title={Web {API} growing pains: Stories from client developers and their code},
year={2014},
OPTmonth={Feb},
pages={84-93},
keywords={application program interfaces;social networking (online);software maintenance;source code (software);API providers;Facebook;Google Maps;Netflix web API;Twitter;Web API;application-to-application interaction;client developers;software evolution tasks;source code;Context;Facebook;Google;Interviews;Libraries;Twitter;Web services},
doi={10.1109/CSMR-WCRE.2014.6747228},
publisher = ieee,
}

@INPROCEEDINGS{maleshkova,
author={Maleshkova, M. and Pedrinaci, C. and Domingue, J.},
booktitle=ecows,
title={Investigating Web {APIs} on the World Wide Web},
year={2010},
OPTmonth={Dec},
pages={107-114},
keywords={Web services;application program interfaces;hypermedia markup languages;service-oriented architecture;HTML;SOAP;WSDL;Web API;Web services;Webpage;World Wide Web;authentication;interface description language;RESTful services;Web APIs;Web services},
doi={10.1109/ECOWS.2010.9},
publisher = ieee,
}

@article{RESTdesc,
year={2013},
issn={1380-7501},
journal={Multimedia Tools and Applications},
volume={64},
number={2},
doi={10.1007/s11042-012-1004-5},
title={Capturing the functionality of Web services with functional descriptions},
publisher=springer,
keywords={Semantic Web; Service description; Service discovery},
author={Verborgh, Ruben and Steiner, Thomas and Van Deursen, Davy and De Roo, Jos and Walle, RikVan de and Gabarró Vallés, Joaquim},
pages={365-387},
language={English}
}
@INPROCEEDINGS{6835564,
author={Ruo Meng and Chengwan He},
booktitle={Proc. of International Conference on Computer Sciences and Applications (CSA)},
title={A Comparison of Approaches to Web Service Evolution},
year={2013},
OPTmonth={Dec},
pages={138-141},
keywords={Web services;software maintenance;Web service evolution;evolution granularity;evolution maintainability;evolution scalability;evolution terminal;evolution type;Coordinate measuring machines;Libraries;Scalability;Semantics;Servers;Web services;XML;Web service evolution;changes;compare;directions;solutions},
doi={10.1109/CSA.2013.38},}

@INPROCEEDINGS{zuo6928972,
author={Wei Zuo and Benharkat, A.N. and Amghar, Y.},
booktitle=icws,
title={Change-centric Model for Web Service Evolution},
year={2014},
OPTmonth={June},
pages={712-713},
keywords={Web services;configuration management;management of change;software maintenance;Web service adaptation;Web service change management;Web service evolution;Web service versioning;change-centric model;Adaptation models;Business;Conferences;Engines;Programming;Service-oriented architecture;Web service;adaptation;changes;evolution;version},
doi={10.1109/ICWS.2014.111},
publisher = ieee,
}


@inproceedings{IEEEexample:conf_typical,
  author        = "R. K. Gupta and S. D. Senturia",
  title         = "Pull-in Time Dynamics as a Measure of Absolute Pressure",
  booktitle     = "Proc. {IEEE} International Workshop on
                   Microelectromechanical Systems ({MEMS}'97)",
  address       = "Nagoya, Japan",
  month         = jan,
  year          = "1997",
  pages         = "290-294"
}
